@online{MDB,
  title = {MongoDB},
  url = {https://www.mongodb.com/},
  urldate = {2016-03-06}
}

@online{EXJS,
  title = {Express.js},
  url = {http://expressjs.com/},
  urldate = {2016-03-06}
}

@online{AJS,
  title = {Angular.js},
  url = {https://angular.io/},
  urldate = {2016-03-06}
}

@online{NJS,
  title = {Node.js},
  url = {https://nodejs.org/en/},
  urldate = {2016-03-06}
}

@online{AFSG,
  title = {AngularJS Full-stack Generator},
  url = {https://github.com/angular-fullstack/generator-angular-fullstack},
  urldate = {2016-03-06}
}

@online{SIO,
  title = {Socket.io},
  url = {http://socket.io/},
  urldate = {2016-03-06}
}

@online{BOOT,
  title = {Twitter Bootstrap},
  url = {http://getbootstrap.com/2.3.2/},
  urldate = {2016-03-06}
}